
@article{doe1999lorem,
  title={Towards a lorem ipsum world},
  author={Doe, Jane and Doev, Alexander},
  journal={Journal of Improper Latin},
  volume={1},
  number={1},
  pages={1--21},
  year={1999}
}

@incollection{doe2001lipsum,
  title={Ipsum: lorem or dolorem?},
  author={Doe, John and P\'erez, Mariana},
  booktitle={Lorem Ipsum},
  pages={12--24},
  year={2001},
  publisher={Cicero Publishing Ltd.}
}

@article{madani2009loremipsum,
  title={Dolor sit amet in lorem ipsum},
  author={Madani, Sahar and Doe, John and Doe, Jane},
  journal={International Latin Typesetting},
  volume={7},
  number={5},
  pages={34--46},
  year={2009}
}